
@article{kirby_compiler_2006,
	title = {A {Compiler} for {Variational} {Forms}},
	volume = {32},
	issn = {0098-3500},
	url = {http://doi.acm.org/10.1145/1163641.1163644},
	doi = {10.1145/1163641.1163644},
	number = {3},
	urldate = {2018-01-31},
	journal = {ACM Trans. Math. Softw.},
	author = {Kirby, Robert C. and Logg, Anders},
	month = sep,
	year = {2006},
	keywords = {finite element, automation, compiler, Variational form},
	pages = {417--444},
}


@article{alnaes_unified_2014,
	title = {Unified {Form} {Language}: {A} {Domain}-specific {Language} for {Weak} {Formulations} of {Partial} {Differential} {Equations}},
	volume = {40},
	issn = {0098-3500},
	shorttitle = {Unified {Form} {Language}},
	url = {http://doi.acm.org/10.1145/2566630},
	doi = {10.1145/2566630},
	number = {2},
	urldate = {2015-03-10},
	journal = {ACM Trans. Math. Softw.},
	author = {Alnæs, Martin S. and Logg, Anders and Ølgaard, Kristian B. and Rognes, Marie E. and Wells, Garth N.},
	month = mar,
	year = {2014},
	keywords = {Finite element method, Weak formulation, FEM, Partial differential equation, AD, algorithmic differentiation, automatic functional differentiation, discretization, domain specific language, DSEL, DSL, einstein notation, embedded language, functional, implicit summation, index notation, mixed element, PDE, symbolic differentiation, tensor algebra, weak form},
	pages = {9:1--9:37},
}


@misc{baratta_dolfinx_2023,
	title = {{DOLFINx}: {The} next generation {FEniCS} problem solving environment},
	shorttitle = {{DOLFINx}},
	doi = {10.5281/zenodo.10447666},
	language = {eng},
	urldate = {2024-03-12},
	publisher = {Zenodo},
	author = {Baratta, Igor A. and Dean, Joseph P. and Dokken, Jørgen S. and Habera, Michal and Hale, Jack S. and Richardson, Chris N. and Rognes, Marie E. and Scroggs, Matthew W. and Sime, Nathan and Wells, Garth N.},
	month = dec,
	year = {2023},
}

@article{alnaes2015fenics,
  title     = {The {FEniCS} {Project} {Version} 1.5},
  journal   = {Archive of Numerical Software},
  volume    = {3},
  year      = {2015},
  month     = {12/2015},
  publisher = {Open Journal Systems, sponsored by the University of Heidelberg},
  author    = {Martin Sandve {Aln{\ae}s} and Blechta, Jan and Johan Elon {Hake} and Johansson, August and Kehlet, Benjamin and Logg, Anders and Richardson, Chris and Ring, Johannes and Marie E. {Rognes} and Garth N. {Wells}}
}

@ARTICLE{McCalpin1995,
  author = {John D. McCalpin},
  title = {{Memory} {Bandwidth} and {Machine} {Balance} in {Current} {High} {Performance}
	  {Computers}},
  journal = {IEEE Computer Society Technical Committee on Computer Architecture
	(TCCA) Newsletter},
  year = {1995},
  pages = {19--25},
  month = dec,
  abstract = {The ratio of cpu speed to memory speed in current high-performance
	computers is growing rapidly, with significant implications for the
	design and implementation of algorithms in scientific computing.
	I present the results of a broad survey of memory bandwidth and machine
	balance for a large variety of current computers, including uniprocessors,
	vector processors, shared-memory systems, and districuted-memory
	systems. The results are analyzed in terms of the sustainable data
	transfer rates for uncached unit-stride vector operation for each
	machine, and for each class.},
}

@TECHREPORT{McCalpin2007,
  author = {John D. McCalpin},
  title = {{STREAM}: Sustainable Memory Bandwidth in High Performance Computers},
  institution = {University of Virginia},
  year = {1991-2007},
  address = {Charlottesville, Virginia},
  url = {http://www.cs.virginia.edu/stream/}
}

@InProceedings{VCPKVO_HPCCT22,
author = {S. Varrette and H. Cartiaux and S. Peter and E.
Kieffer and T. Valette and A. Olloh},
title = {{Management of an Academic HPC \& Research
Computing Facility: The ULHPC Experience 2.0}},
booktitle = {Proc. of the 6th ACM High Performance Computing and
Cluster Technologies Conf. (HPCCT 2022)},
year = {2022},
month = {July},
address = {Fuzhou, China},
isbn = {978-1-4503-9664-6},
publisher = {Association for Computing Machinery (ACM)},
}

@software{Baratta2023,
  author = {Baratta, Igor and Richardson, Chris and Dokken, Jørgen Schartum and Hermano, Artur},
  title = {{Local Finite Element Operator Benchmarks}},
  url = {https://github.com/IgorBaratta/local_operator},
  year = {2023}
}


@software{Wells2023,
  author = {Wells, Garth and Richardson, Chris},
  title = {{Performance test codes for {FEniCSx}}},
  url = {https://github.com/FEniCS/performance-test},
  year = {2023}
}

@misc{petsc,
  author        = {Satish Balay and Shrirang Abhyankar and Mark~F. Adams and Steven Benson and Jed
                  Brown and Peter Brune and Kris Buschelman and Emil~M. Constantinescu and Lisandro
                  Dalcin and Alp Dener and Victor Eijkhout and Jacob Faibussowitsch and William~D.
                  Gropp and V\'{a}clav Hapla and Tobin Isaac and Pierre Jolivet and Dmitry Karpeev
                  and Dinesh Kaushik and Matthew~G. Knepley and Fande Kong and Scott Kruger and
                  Dave~A. May and Lois Curfman McInnes and Richard Tran Mills and Lawrence Mitchell
                  and Todd Munson and Jose~E. Roman and Karl Rupp and Patrick Sanan and Jason Sarich
                  and Barry~F. Smith and Stefano Zampini and Hong Zhang and Hong Zhang and Junchao
                  Zhang},
  title         = {{PETS}c {W}eb page},
  url           = {https://petsc.org/},
  year          = {2023}
}

@misc{ArmReferenceManual,
	author = {Arm},
	title = {{Arm} {Architecture} {Reference} {Manual} for {A}-profile architecture},
	howpublished = {\url{https://developer.arm.com/documentation/ddi0487/ka}},
	year = {2024},
	note = {[Accessed 11-09-2024]},
  note = {Issue K.a}
}

@misc{svevla2020,
	author = {Francesco Petrogalli},
	title = {{A} sneak peek into {S}{V}{E} and {V}{L}{A} programming},
	howpublished = {\url{https://developer.arm.com/-/media/Arm%20Developer%20Community/Images/White%20Paper%20and%20Webinar%20Images/HPC%20White%20Papers/a-sneak-peek-into-sve-and-vla-programming.pdf}},
	year = {2020},
	note = {[Accessed 11-09-2024]},
}

@misc{GodboltArmClang,
	author = {Matt Godbolt},
	title = {{C}ompiler {E}xplorer - High-order (armv8-a clang 18.1.0)},
	url = {https://godbolt.org/z/WzYEefEGK},
	year = {2024},
	note = {[Accessed 11-09-2024]},
}

@misc{GodboltArmGCC,
	author = {Matt Godbolt},
	title = {{C}ompiler {E}xplorer - ({A}{R}{M}64 gcc 13.2.0)},
	howpublished = {\url{https://godbolt.org/z/sxGo17Wq9}},
	year = {2024},
	note = {[Accessed 11-09-2024]},
}

@misc{Godboltx86Clang,
	author = {Matt Godbolt},
	title = {{C}ompiler {E}xplorer - High-order (x86-64 clang 18.1.0)},
	howpublished = {\url{https://godbolt.org/z/fEz64zzWx}},
	year = {2024},
	note = {[Accessed 11-09-2024]},
}

@misc{Godboltx86GCC,
	author = {Matt Godbolt},
	title = {{C}ompiler {E}xplorer - High-order (x86-64 gcc 13.2)},
	howpublished = {\url{https://godbolt.org/z/aYeYcb6z1}},
	year = {2024},
	note = {[Accessed 11-09-2024]},
}

@misc{GodboltArmClangDeg1,
	author = {Matt Godbolt},
	title = {{C}ompiler {E}xplorer - Low-order (armv8-a clang 18.1.0)},
	howpublished = {\url{https://godbolt.org/z/4Mdbvndrf}},
	year = {2024},
	note = {[Accessed 11-09-2024]},
}

@misc{ArmCLangExtensions,
	author = {Arm},
	title = {{ARM} {C} Language Extensions for {SVE}},
	howpublished = {\url{https://developer.arm.com/documentation/100987/0000/?lang=en}},
	year = {2024},
	note = {[Accessed 11-09-2024]},
}

@incollection{hypre,
	series = {Lecture {Notes} in {Computer} {Science}},
	title = {hypre: {A} {Library} of {High} {Performance} {Preconditioners}},
	shorttitle = {hypre},
	language = {en},
	number = {2331},
	urldate = {2016-09-16},
	booktitle = {Computational {Science} — {ICCS} 2002},
	publisher = {Springer Berlin Heidelberg},
	author = {Falgout, Robert D. and Yang, Ulrike Meier},
	editor = {Sloot, Peter M. A. and Hoekstra, Alfons G. and Tan, C. J. Kenneth and Dongarra, Jack J.},
	month = apr,
	year = {2002},
	doi = {10.1007/3-540-47789-6_66},
	pages = {632--641},
}
